@article{mordvintsev2015inceptionism,
  title={Inceptionism: Going deeper into neural networks},
  author={Mordvintsev, Alexander and Olah, Christopher and Tyka, Mike},
  journal={Google research blog},
  volume={20},
  number={14},
  pages={5},
  year={2015}
}

@inproceedings{fredrikson2015model,
  title={Model inversion attacks that exploit confidence information and basic countermeasures},
  author={Fredrikson, Matt and Jha, Somesh and Ristenpart, Thomas},
  booktitle={Proceedings of the 22nd ACM SIGSAC conference on computer and communications security},
  pages={1322--1333},
  year={2015}
}

@article{lopes2017data,
  title={Data-free knowledge distillation for deep neural networks},
  author={Lopes, Raphael Gontijo and Fenu, Stefano and Starner, Thad},
  journal={arXiv preprint arXiv:1710.07535},
  year={2017}
}

@article{breiman1996born,
  title={Born again trees},
  author={Breiman, Leo and Shang, Nong},
  journal={University of California, Berkeley, Berkeley, CA, Technical Report},
  volume={1},
  number={2},
  pages={4},
  year={1996}
}